Automatically generated by Mendeley Desktop 1.19.4
Any changes to this file will be lost if it is regenerated by Mendeley.

BibTeX export options can be customized via Options -> BibTeX in Mendeley Desktop

@misc{cadmag,
title = {{Source of CAD M14 2-6G Bolt}},
url = {https://grabcad.com/library/m14-2-1},
urldate = {2020-03-07}
}
@misc{g4beam,
title = {{G4beamline homepage}},
url = {https://accelconf.web.cern.ch/accelconf/PAC2011/papers/mop152.pdf},
urldate = {2020-03-11}
}
@misc{bitb,
title = {{Pyg4ometry BitBucket}},
url = {https://bitbucket.org/jairhul/Pyg4ometry/src/},
urldate = {2020-03-01}
}
@article{Landis,
annote = {NASA Lewis Research Center
Cleveland, OH 44135},
author = {Landis, Geoffrey A.},
title = {{Magnetic radiation shielding: An idea whose time has returned?}},
url = {https://doi.org/10.1063/1.42056}
}
@misc{mater,
title = {{GEANT4 Materials}},
url = {http://geant4-userdoc.web.cern.ch/GEANT4-userdoc/UsersGuides/ForApplicationDeveloper/html/Appendix/materialNames.html},
urldate = {2020-03-01}
}
@misc{solids,
title = {{GEANT4 Solids}},
url = {http://geant4-userdoc.web.cern.ch/GEANT4-userdoc/UsersGuides/ForApplicationDeveloper/html/Detector/Geometry/geomSolids.html},
urldate = {2020-03-01}
}
@misc{cern,
title = {{CERN Homepage}},
url = {https://home.cern/},
urldate = {2020-03-08}
}
@article{cancer,
author = {et Al., Elaine M.Zeman},
journal = {Abeloff's Clinical Oncology (Sixth Edition)},
title = {{27 - Basics of Radiation Therapy}},
url = {https://www.sciencedirect.com/science/article/pii/B978032347674400027X}
}
@article{dose,
author = {et Al., Tsukasa Aso},
title = {{Optimization of Patient Geometry Based on CT Data in GEANT4 for Medical Application}},
url = {https://doi.org/10.1016/j.meddos.2017.08.007}
}
@misc{wiki,
title = {boolen image},
url = {https://en.wikipedia.org/wiki/Constructive{\_}solid{\_}geometry{\#}/media/File:Csg{\_}tree.png}
}
@article{fluka,
title = {{FLUKA: A Multi-Particle Transport Code}}
}
@article{spacesh,
author = {et al. {Veli Capali}},
doi = {10.1051/epjconf/201510002002},
title = {{GEANT4 calculations for space radiation shielding material {\$}Al{\_}2O{\_}3{\$}}}
}
@misc{emo,
title = {{Geant Em0}},
url = {http://geant4-data.web.cern.ch/GEANT4-data/releases/GEANT4/examples/extended/electromagnetic/TestEm0/README}
}
@article{will,
title = {{HADRON THERAPY MACHINE SIMULATIONS USING BDSIM}}
}
@article{stprg,
author = {Machaka, Ronald},
title = {{Ion Beam Modifications of Boron Nitride By Ion Implantation}},
url = {https://www.researchgate.net/publication/265496484{\_}Ion{\_}Beam{\_}Modifications{\_}of{\_}Boron{\_}Nitride{\_}By{\_}Ion{\_}Implantation},
year = {2007}
}
@article{blue,
author = {et Al., Yi Hu},
title = {{Cherenkov Radiation Control via Self-accelerating Wave-packets}},
url = {https://www.nature.com/articles/s41598-017-08705-4.pdf}
}
@article{pdg,
author = {et Al, M. Tanabashi},
title = {{43. Monte Carlo Particle Numbering Scheme}},
url = {http://pdg.lbl.gov/2019/reviews/rpp2019-rev-monte-carlo-numbering.pdf}
}
@article{stpdat,
author = {department of Commerce, U.S.},
title = {{Stopping Powers and Ranges of Electrons and Positrons}},
url = {https://www.govinfo.gov/content/pkg/GOVPUB-C13-139be796c7e56cb34375ad52db8ec5e7/pdf/GOVPUB-C13-139be796c7e56cb34375ad52db8ec5e7.pdf}
}
@misc{jai,
title = {{JAI Homepage}},
url = {https://www.adams-institute.ac.uk/},
urldate = {2020-03-07}
}
@misc{18,
title = {{FreeCAD 0.18 release notes}},
url = {https://wiki.freecadweb.org/Release{\_}notes{\_}0.18}
}
@article{pyg4om,
author = {et Al., S.T. Boogert},
journal = {Proc. IPAC 2019},
title = {{Pyg4ometry : A tool to create geometries for GEANT4, BDSIM, G4BEAMLINE and FLUKA for particle loss energy deposition studies}},
url = {http://accelconf.web.cern.ch/AccelConf/ipac2019/papers/wepts054.pdf}
}
@article{meh,
author = {{M. Pinto}, P. Gon$\backslash$c{\{}c{\}}alves},
title = {{GUIMesh: A tool to import STEP geometries into GEANT4 via GDML}},
url = {https://doi.org/10.1016/j.cpc.2019.01.024}
}
@misc{sat,
title = {{GradCAD satellite}},
url = {https://grabcad.com/library/gps-satellite-1{\%}7D},
urldate = {2019-11-10}
}
@article{bdsimpap,
author = {et Al., L.J Nevay},
title = {{BDSIM: An accelerator tracking code with particleâ€“matter interactions}},
url = {https://doi.org/10.1016/j.cpc.2020.107200}
}
@misc{vtk,
title = {{VTK Homepage}},
url = {https://vtk.org/},
urldate = {2020-03-10}
}
